%% Created using Papers on Thu, 27 Mar 2014.
%% http://papersapp.com/papers/


@inproceedings{Petroni:2004copilot,
  title={{Copilot - A Coprocessor-based Kernel Runtime Integrity Monitor.}},
  author={Petroni Jr, Nick L and Fraser, Timothy and Molina, Jesus and Arbaugh, William A},
  booktitle={USENIX Security Symposium},
  pages={179--194},
  year={2004}
}

@inproceedings{Dornseif:20040wned,
  title={0wned by an iPod},
  author={Dornseif, Maximillian},
  booktitle={PacSec},
  year={2004}
}

@inproceedings{Boileau:2006we,
author = {Boileau, A},
title = {{Hit by a Bus: Physical Access Attacks with Firewire}},
booktitle = {RUXCON},
year = {2006},
month = jan
}

@inproceedings{Dornseif:2005firewire,
author = {Dornseif, M},
title = {{Firewire -- all your memory are belong to us}},
booktitle = {CanSecWest},
year = {2005}
}

@misc{Maartmann:2011inception,
 author               = {Maartmann-Moe, Carsten},
 month                = {June},
 organization         = {Break \& Enter},
 title                = {Inception},
 howpublished         = {{http://www.breaknenter.org/projects/inception/}},
 year                 = {2011},
}

http://www.chromium.org/chromium-os/chromiumos-design-docs/verified-boot

@misc{flashrom,
author = {Hermann, Uwe and Hailfinger, Carl-Daniel},
organization = {{Flashrom}},
title = {{FLashrom}},
howpublished = {{http://flashrom.org/Flashrom}},
year = {2012}
}


@misc{Volatility:2014,
 organization = {Volatile Systems},
 author = {Aaron Walters},
 howpublished = {{http://www.forensicswiki.org/wiki/Volatility\_Framework}},
 year = {2014}
}

@misc{SANS-hardening:2003,
 organization = {SANS},
 author = {Taylor Merry},
 howpublished = {{https://www.sans.org/reading-room/whitepapers/linux/linux-kernel-hardening-1294}},
 year = {2003}
}

@misc{Grsec,
 organization = {grsecurity},
 howpublished = {{https://grsecurity.net}},
}

@misc{gcc-fortify,
 organization = {Red Hat, Inc.},
 author = {Jakub Jelinek},
 howpublished = {{http://gcc.gnu.org/ml/gcc-patches/2004-09/msg02055.html}},
 year = {2004}
}

@inproceedings{Horovitz:2013physical,
author = {Horovitz, Oded and Weis, Stephen A.},
title = {{Physical Privilege Escalation and Mitigation in the x86 World}},
booktitle = {CanSecWest},
year = {2013}
}

@inproceedings{King:2008tf,
author = {King, Samuel T and Tucek, Joseph and Cozzie, Anthony and Grier, Chris and Jiang, Weihang and Zhou, Yuanyuan},
title = {{Designing and implementing malicious hardware}},
booktitle = {LEET'08: Proceedings of the 1st Usenix Workshop on Large-Scale Exploits and Emergent Threats},
year = {2008},
publisher = { USENIX Association},
month = apr
}

@article{Winter:2012we,
author = {Winter, Johannes and Dietrich, Kurt},
title = {{A Hijacker's Guide to the LPC Bus}},
year = {2012},
pages = {176--193}
}

@article{Graziano:2013uo,
author = {Graziano, Mariano and Lanzi, Andrea and Balzarotti, Davide},
title = {{Hypervisor memory forensics}},
year = {2013},
pages = {21--40}
}

@article{Wojtczuk:2011te,
author = {Wojtczuk, Rafal and Rutkowska, Joanna},
title = {{Following the White Rabbit: Software attacks against Intel VT-d technology}},
journal = {ITL: http://www. invisiblethingslab. com/resources/2011/Software% 20Attacks% 20on% 20Intel% 20VT-d. pdf},
year = {2011}
}

@article{Nguyen:2012wo,
author = {Nguyen, Anh and Raj, Himanshu and Rayanchu, Shravan and Saroiu, Stefan and Wolman, Alec},
title = {{Delusional boot: securing hypervisors without massive re-engineering}},
year = {2012},
pages = {141--154}
}

@inproceedings{Zaddach:2013we,
author = {Zaddach, Jonas and Kurmus, Anil and Balzarotti, Davide and Blass, Erik-Oliver and Francillon, Aur{\'e}lien and Goodspeed, Travis and Gupta, Moitrayee and Koltsidas, Ioannis},
title = {{Implementation and implications of a stealth hard-drive backdoor}},
year = {2013},
booktitle={Computer Security Applications Conference},
pages = {279--288}
}

@article{Rutkowska:2007ue,
author = {Rutkowska, Joanna},
title = {{Beyond the CPU: Defeating hardware based RAM acquisition}},
journal = {Proceedings of BlackHat DC 2007},
year = {2007}
}

@article{Dykstra:2012uo,
author = {Dykstra, Josiah and Sherman, Alan T},
title = {{Acquiring forensic evidence from infrastructure-as-a-service cloud computing: Exploring and evaluating tools, trust, and techniques}},
journal = {Digital Investigation},
year = {2012},
volume = {9},
pages = {S90--S98}
}

@article{Dykstra:2011tl,
author = {Dykstra, Josiah and Sherman, Alan T},
title = {{Understanding issues in cloud forensics: two hypothetical case studies}},
journal = {Journal of Network Forensics 2011b},
year = {2011},
volume = {3},
number = {1},
pages = {19--31}
}

@article{Nguyen:2012te,
author = {Nguyen, Quan},
title = {{Issues in Software-based Attestation}},
journal = {CyberSecurity for the Next Generation},
year = {2012},
pages = {1--13},
month = nov
}

@inproceedings{Sang:2011ud,
author = {Sang, Fernand Lone and Nicomette, Vincent and Deswarte, Yves},
title = {{I/O Attacks in Intel PC-based Architectures and Countermeasures}},
booktitle = {SYSSEC '11: Proceedings of the 2011 First SysSec Workshop},
year = {2011},
publisher = { IEEE Computer Society},
month = jul
}

@inproceedings{Stewin:2012wb,
author = {Stewin, Patrick and Bystrov, Iurii},
title = {{Understanding DMA malware}},
booktitle = {DIMVA'12: Proceedings of the 9th international conference on Detection of Intrusions and Malware, and Vulnerability Assessment},
year = {2012},
publisher = { Springer-Verlag},
month = jul
}

@article{Winter:2009wd,
author = {Winter, Johannes},
title = {{Eavesdropping trusted platform module communication}},
journal = {4th European Trusted Infrastructure Summerschool, ETISS},
year = {2009}
}

@techreport{Delugre:2011vv,
author = {Delugr{\'e}, Guillaume},
title = {{How to develop a rootkit for Broadcom NetExtreme network cards}},
year = {2011},
institution={Sogeti ESEC Lab}
}

@article{Breuk:2012ty,
author = {Breuk, Rory and Spruyt, Albert},
title = {{Integrating DMA attacks in exploitation frameworks}},
journal = {Faculty of Science, University of Amsterdam: http://staff. science. uva. nl/~ delaat/rp/2011-2012/p14/report. pdf},
year = {2012}
}

@misc{Horovitz:2013,
title = {{Software Cryptoprocessor}},
author = {Horovitz, Oded and Weis, Stephen A and Waldspurger, Carl A and Rihan, Sahil},
howpublished = {US Patent App. 13/614,935},
year = {2013}
}

@article{Forristal:2011te,
author = {Forristal, Jeff},
title = {{Hardware Involved Software Attacks}},
year = {2011},
pages = {1--22},
month = nov
}

@inproceedings{Kursawe:2005,
  title={{Analyzing Trusted Platform Communication}},
  author={Kursawe, Klaus and Schellekens, Dries and Preneel, Bart},
  booktitle={CRASH--CRyptographic Advances in Secure Hardware},
  year={2005}
}

@article{Rosenberg:2012wl,
author = {Rosenberg, Dan},
title = {{A Heap of Trouble: Breaking the Linux Kernel SLOB Allocator}},
year = {2012}
}

@inproceedings{Stewin:2011eu,
author = {Stewin, Patrick and Seifert, Jean-Pierre and Mulliner, Collin},
title = {{Poster: Towards detecting DMA malware}},
journal = {{ACM Computer and Communications Security}},
year = {2011},
publisher = { ACM},
month = oct
}

@article{KAMARA:2013wr,
author = {KAMARA, SENY},
title = {{Cloud Computing}},
year = {2013},
pages = {1--51},
month = feb
}

@article{Brickell:2012tg,
author = {Brickell, Ernie and Li, Jiangtao},
title = {{Enhanced Privacy ID: A direct anonymous attestation scheme with enhanced revocation capabilities}},
journal = {Dependable and Secure Computing, IEEE Transactions on},
year = {2012},
volume = {9},
number = {3},
pages = {345--360}
}

@article{KAMARA:2013wl,
author = {KAMARA, SENY},
title = {{Cloud-oriented Primitives}},
year = {2013},
pages = {1--80},
month = feb
}

@article{Grawrock:2008tx,
author = {Grawrock, David},
title = {{The Front Door of Trusted Computing}},
year = {2008},
pages = {1--29},
month = oct
}

@article{McCune:2011ug,
author = {McCune, Jonathan M},
title = {{Trustworthy Computing and Attestation}},
year = {2011},
pages = {1--58},
month = nov
}

@article{Seshadri:2005up,
author = {Seshadri, Arvind and Luk, Mark and Shi, Elaine and Perrig, Adrian and van Doorn, Leendert and Khosla, Pradeep},
title = {{Pioneer: verifying code integrity and enforcing untampered code execution on legacy systems}},
journal = {ACM SIGOPS Operating Systems Review},
year = {2005},
volume = {39},
number = {5},
pages = {1--16}
}

@inproceedings{Duflot:2011tk,
  title={{What if you canâ€™t trust your network card?}},
  author={Duflot, Lo{\"\i}c and Perez, Yves-Alexis and Morin, Benjamin},
  booktitle={Recent Advances in Intrusion Detection},
  pages={378--397},
  year={2011},
  organization={Springer}
}

@article{Simmons:2011th,
author = {Simmons, P.},
title = {{Security through amnesia: a software-based solution to the cold boot attack on disk encryption}},
journal = {Proceedings of the 27th Annual Computer Security Applications Conference},
year = {2011},
pages = {73--82}
}

@article{Itkis:2004vc,
author = {Itkis, Gene},
title = {{Forward security, adaptive cryptography: Time evolution}},
year = {2004}
}

@article{Anonymous:2012wa,
title = {{Intel{\textregistered} Xeon{\textregistered} Processor E5-2600 Product Family Uncore Performance Monitoring Guide}},
year = {2012},
pages = {1--136},
month = mar
}

@inproceedings{Peterson:2010hf,
author = {Peterson, P.A.H},
title = {{Cryptkeeper: Improving security with encrypted RAM}},
booktitle = {Technologies for Homeland Security (HST), 2010 IEEE International Conference on},
year = {2010},
pages = {120--126}
}

@article{Stewin:2013ts,
author = {Stewin, Patrick},
title = {{A Primitive for Revealing Stealthy Peripheral-Based Attacks on the Computing Platform's Main Memory}},
year = {2013},
pages = {1--20}
}

@article{McGrew:2005vd,
author = {McGrew, David},
title = {{Efficient authentication of large, dynamic data sets using Galois/Counter Mode (GCM)}},
year = {2005},
pages = {6 pp.--94}
}

@techreport{Enck:2008wl,
author = {Enck, W. and Butler, K. and Richardson, T. and McDaniel, P.},
title = {{Securing Non-Volatile Main Memory}},
institution = {Pennsylvania State University},
year = {2008}
}

@inproceedings{Muller:2010dz,
author = {M{\"u}ller, Tilo and Dewald, Andreas and Freiling, Felix C},
title = {{AESSE: a cold-boot resistant implementation of AES}},
booktitle = {EUROSEC '10: Proceedings of the Third European Workshop on System Security},
year = {2010},
publisher = { ACM  Request Permissions},
month = apr
}

@article{Banks:2012th,
author = {Banks, Erin K and Bartock, Michael and Fiftal, Kevin and Lemon, David and Scarfone, Karen and Shetty, Uttam and Souppaya, Murugiah and Williams, Tarik and Yeluri, Raghuram},
title = {{Trusted Geolocation in the Cloud: Proof of Concept Implementation}},
journal = {NIST Special Publication},
year = {2012},
pages = {1--42},
month = dec
}

@article{Muller:2012vd,
author = {M{\"u}ller, Tilo and Taubmann, Benjamin and Freiling, Felix C},
title = {{TreVisor: OS-Independent Software-Based Full Disk Encryption Secure Against Main Memory Attacks}},
journal = {informatik.uni-erlangen.de
}
}

@article{Francillon:2012vc,
author = {Francillon, Aur{\'e}lien and Nguyen, Quan and Rasmussen, Kasper Bonne and Tsudik, Gene},
title = {{Systematic Treatment of Remote Attestation.}},
journal = {IACR Cryptology ePrint Archive},
year = {2012},
volume = {2012},
pages = {713}
}

@article{Anonymous:2013ve,
title = {{Intel{\textregistered} Architecture Instruction Set Extensions Programming Reference}},
year = {2013},
pages = {1--934},
month = jul
}

@inproceedings{Blass:2012ch,
author = {Blass, Erik-Oliver and Robertson, William},
title = {{TRESOR-HUNT: attacking CPU-bound encryption}},
booktitle = {ACSAC '12: Proceedings of the 28th Annual Computer Security Applications Conference},
year = {2012},
publisher = { ACM  Request Permissions},
month = dec
}


@inproceedings{Chhabra:2011wu,
author = {Chhabra, Siddhartha and Solihin, D},
title = {{i-NVMM: a secure non-volatile main memory system with incremental encryption}},
booktitle={International Symposium on Computer Architecture (ISCA)},
pages={177--188},
year={2011},
organization={IEEE}
}

@article{Owusu:2013ti,
author = {Owusu, Emmanuel and Guajardo, Jorge and McCune, Jonathan and Newsome, Jim and Perrig, Adrian and Vasudevan, Amit},
title = {{OASIS: on achieving a sanctuary for integrity and secrecy on untrusted platforms}},
year = {2013},
pages = {13--24}
}

@article{Gueron:2013uo,
author = {Gueron, Shay},
title = {{AES-GCM software performanceon the current high end CPUs as a performance baseline for CAESAR competition}},
year = {2013},
pages = {1--25},
month = aug
}

@article{Reimair:2011tx,
author = {Reimair, Florian},
title = {{Trusted virtual Security Module}},
year = {2011},
pages = {1--116},
month = jan
}

@article{Davis:ub,
author = {Davis, N.},
title = {{Live Memory Acquisition for Windows Operating Systems}},
journal = {Tech Report}
}

@article{Porter:2011vo,
author = {Porter, Donald E and Boyd-Wickizer, Silas and Howell, Jon and Olinsky, Reuben and Hunt, Galen C},
title = {{Rethinking the library OS from the top down}},
journal = {ACM SIGPLAN Notices},
year = {2011},
volume = {46},
number = {3},
pages = {291--304}
}

@article{Coker:2011tx,
author = {Coker, George and Guttman, Joshua and Loscocco, Peter and Herzog, Amy and Millen, Jonathan and O'Hanlon, Brian and Ramsdell, John and Segall, Ariel and Sheehy, Justin and Sniffen, Brian},
title = {{Principles of remote attestation}},
journal = {International Journal of Information Security},
year = {2011},
volume = {10},
number = {2},
month = jun
}

@article{Triulzi:2010wh,
author = {Triulzi, A.},
title = {{The Jedi Packet Trick takes over the Deathstar (or:``Taking NIC Backdoors to the Next Level''),''}},
journal = {CanSecWest},
year = {2010},
pages = {24--26}
}

@article{Millen:2007vo,
author = {Millen, Jon and Guttman, Joshua and Ramsdell, John and Sheehy, Justin and Sniffen, Brian},
title = {{Analysis of a Measured Launch}},
year = {2007},
pages = {1--14},
month = aug
}

@inproceedings{Li:2010vx,
author = {Li, Yanlin and McCune, Jonathan M and Perrig, Adrian},
title = {{SBAP: software-based attestation for peripherals}},
booktitle = {TRUST'10: Proceedings of the 3rd international conference on Trust and trustworthy computing},
year = {2010},
publisher = { Springer-Verlag},
month = jun
}

@article{Kivity:2010wd,
author = {Kivity, Avi},
title = {{Integrating KVM with Linux}},
year = {2010},
pages = {1--24},
month = aug
}

@inproceedings{Chen:2009uq,
author = {Chen, Liqun and Ryan, Mark},
title = {{Attack, solution and verification for shared authorisation data in TCG TPM}},
booktitle = {FAST'09: Proceedings of the 6th international conference on Formal Aspects in Security and Trust},
year = {2009},
publisher = { Springer-Verlag},
month = nov
}

@inproceedings{Peiqiang:2011,
  title={Software behavior based trusted attestation},
  author={Peiqiang, Chen and B{\o}egh, J{\o}rgen and Yuyu, Yuan},
  booktitle={Measuring Technology and Mechatronics Automation (ICMTMA)},
  volume={3},
  pages={298--301},
  year={2011},
  organization={IEEE}
}

@article{Parno:2007tq,
author = {Parno, Bryan},
title = {{The Trusted Platform Module (TPM) and Sealed Storage}},
year = {2007},
pages = {1--3},
month = jun
}

@article{Nguyen:2009ui,
author = {Nguyen, A.M. and Schear, N. and Jung, H.D. and Godiyal, A. and King, S.T. and Nguyen, H.D.},
title = {{Mavmm: Lightweight and purpose built vmm for malware analysis}},
journal = {Computer Security Applications Conference, 2009. ACSAC'09. Annual},
year = {2009},
pages = {441--450}
}

@article{Anonymous:1TSbog0s,
title = {{Intel{\textregistered} 64 and IA-32 Architectures Software Developer's Manual}},
year = {2010}
}

@inproceedings{Anderson:1996uu,
author = {Anderson, Ross and Kuhn, Markus},
title = {{Tamper resistance: a cautionary note}},
booktitle = {WOEC'96: Proceedings of the 2nd conference on Proceedings of the Second USENIX Workshop on Electronic Commerce},
year = {1996},
publisher = { USENIX Association},
month = nov
}

@article{Dewan:2008ul,
author = {Dewan, Prashant and Durham, David and Khosravi, Hormuzd and Long, Men and Nagabhushan, Gayathri},
title = {{A hypervisor-based system for protecting software runtime memory and persistent storage}},
year = {2008},
pages = {828--835}
}

@inproceedings{McGregor:wi,
author = {McGregor, Patrick and Hollebeek, Tim and White, Matthew and Volynkin, Alex},
title = {{Braving the cold: New methods for preventing cold boot attacks on encryption keys}},
booktitle = {Presentation},
organization = {BitArmor Systems}
}

@article{Carrier:2004ur,
author = {Carrier, B.D. and Grand, J},
title = {{A hardware-based memory acquisition procedure for digital investigations}},
journal = {Digital Investigation},
year = {2004},
volume = {1},
number = {1},
pages = {50--60}
}

@article{Trivedi:1979vb,
author = {Trivedi, K.S.},
title = {{An analysis of prepaging}},
journal = {Computing},
year = {1979},
volume = {22},
number = {3},
pages = {191--210}
}

@article{Seshadri:2004wh,
author = {Seshadri, Arvind and Perrig, Adrian and van Doorn, Leendert and Khosla, Pradeep},
title = {{Swatt: Software-based attestation for embedded devices}},
year = {2004},
pages = {272--282}
}

@article{Weinstein:2012uz,
author = {Weinstein, David},
title = {{A Security Hygienic Smart Charger for Mobile Devices}},
journal = {The MITRE Corp., Mclean, VA},
year = {2012}
}

@article{RodriguezEstivill:2009tk,
author = {Rodriguez-Estivill, Pau},
title = {{Virtual Private Mesh Network}},
year = {2009}
}

@inproceedings{Masti:2013bs,
author = {Masti, Ramya Jayaram and Marforio, Claudio and Capkun, Srdjan},
title = {{An architecture for concurrent execution of secure environments in clouds}},
booktitle = {CCSW '13: Proceedings of the 2013 ACM workshop on Cloud computing security workshop},
year = {2013},
publisher = { ACM  Request Permissions},
month = nov
}

@article{Taban:2006vq,
author = {Taban, Gelareh and C{\'a}rdenas, Alvaro A and Gligor, Virgil D},
title = {{Towards a secure and interoperable DRM architecture}},
year = {2006},
pages = {69--78}
}

@article{BenYehuda:2010wa,
author = {Ben-Yehuda, M. and Day, M.D. and Dubitzky, Z. and Factor, M. and Har'El, N. and Gordon, A. and Liguori, A. and Wasserman, O. and Yassour, B.A.},
title = {{The turtles project: Design and implementation of nested virtualization}},
journal = {9th USENIX Symposium on Operating Systems Design and Implementation (OSDI), October 2010, Vancouver, British Columbia, Canada},
year = {2010},
pages = {423--436}
}

@article{Park:2013wt,
author = {Park, Jung-oh},
title = {{A Study on Detection of Hacking and Malware Codes in Bare Metal Hypervisor for Virtualized Internal Environment of Cloud Service.}},
journal = {International Journal of Computer Science {\&} Network Security},
year = {2013},
volume = {13},
number = {10}
}

@inproceedings{Kaplan:2003bb,
author = {Kaplan, Scott F and McGeoch, Lyle A and Cole, Megan F},
title = {{Adaptive caching for demand prepaging}},
booktitle = {ISMM '02: Proceedings of the 3rd international symposium on Memory management},
year = {2003},
publisher = { ACM  Request Permissions},
month = feb
}

@article{Onarlioglu:2013fv,
author = {Onarlioglu, K and Mulliner, C and Robertson, W and Kirda, E},
title = {{PrivExec: Private Execution as an Operating System Service}},
journal = {Security and Privacy (SP), 2013 IEEE Symposium on},
year = {2013},
pages = {206--220}
}

@article{Pervez:2012wj,
author = {Pervez, Zeeshan},
title = {{OBLIVIOUS COMPUTATION IN PUBLIC CLOUD FOR PRIVACY-AWARE ACCESS CONTROL POLICIES AND DATA SEARCH}},
year = {2012}
}

@article{Henze:2013vy,
author = {Henze, Martin and Hummen, Ren{\'e} and Wehrle, Klaus},
title = {{The Cloud Needs Cross-Layer Data Handling Annotations}},
year = {2013},
pages = {18--22}
}

@article{Kgil:2005iv,
author = {Kgil, Taeho and Falk, Laura and Mudge, Trevor},
title = {{ChipLock: support for secure microarchitectures}},
journal = {SIGARCH Computer Architecture News},
year = {2005},
volume = {33},
number = {1},
month = mar
}

@article{Gahlot:2011tt,
author = {Gahlot, Anand},
title = {{Deploying a TPM Measurement Solution}},
journal = {NSA Trusted Computing Conference and Exposition},
year = {2011},
pages = {1--34},
month = sep
}

@article{Suh:2003whb,
author = {Suh, G.E. and Clarke, D. and Gasend, B. and Van Dijk, M. and Devadas, S.},
title = {{Efficient memory integrity verification and encryption for secure processors}},
journal = {Microarchitecture, 2003. MICRO-36. Proceedings. 36th Annual IEEE/ACM International Symposium on},
year = {2003},
pages = {339--350}
}

@article{Wang:ve,
author = {Wang, J. and Sun, K. and Stavrou, A.},
title = {{An Analysis of System Management Mode (SMM)-based Integrity Checking Systems and Evasion Attacks}}
}

@article{Hu:2008ut,
author = {Hu, Y. and Hammouri, G. and Sunar, B.},
title = {{A fast real-time memory authentication protocol}},
journal = {Proceedings of the 3rd ACM workshop on Scalable trusted computing},
year = {2008},
pages = {31--40}
}

@article{Manferdelli:2013vb,
author = {Manferdelli, John and Roeder, Tom and Schneider, Fred},
title = {{The CloudProxy Tao for Trusted Computing}},
year = {2013}
}

@article{FengQin:2004uq,
author = {Feng Qin, Shan Lu Yuanyuan Zhou},
title = {{SafeMem: Exploiting ECC-Memory for Detecting Memory Leaks and Memory Corruption During Production Runs}},
year = {2004},
pages = {1--12},
month = nov
}

@article{Hunt:wc,
author = {Hunt, Galen and Baumann, Andrew and Peinado, Marcus and Hoekstra, Matthew and Rozas, Carlos V and Zmudzinski, Krystof},
title = {{Secure execution of unmodified applications on an untrusted host}}
}

@article{Elbaz:2009vl,
author = {Elbaz, R. and Champagne, D. and Gebotys, C. and Lee, R. and Potlapally, N. and Torres, L.},
title = {{Hardware mechanisms for memory authentication: A survey of existing techniques and engines}},
journal = {Transactions on Computational Science IV},
year = {2009},
pages = {1--22}
}

@article{Skorobogatov:2002tk,
author = {Skorobogatov, S.},
title = {{Low temperature data remanence in static RAM}},
journal = {University of Cambridge Computer Laborary Technical Report},
year = {2002},
volume = {536}
}

@inproceedings{McKeen:2013wg,
author = {McKeen, Frank and Alexandrovich, Ilya and Berenzon, Alex and Rozas, Carlos V and Shafi, Hisham and Shanbhogue, Vedvyas and Savagaonkar, Uday R},
title = {{Innovative instructions and software model for isolated execution}},
booktitle = {Proceedings of the 2nd International Workshop on Hardware and Architectural Support for Security and Privacy, HASP},
year = {2013},
month = jun
}

@inproceedings{Anati:2013tc,
author = {Anati, Ittai and Gueron, Shay and Johnson, Simon P and Scarlata, Vincent R},
title = {{Innovative Technology for CPU Based Attestation and Sealing}},
booktitle = {Proceedings of the 2nd International Workshop on Hardware and Architectural Support for Security and Privacy, HASP},
year = {2013},
month = jun
}

@inproceedings{Hoekstra:2013uh,
author = {Hoekstra, Matthew and Lal, Reshma and Pappachan, Pradeep and Phegade, Vinay and Del Cuvillo, Juan},
title = {{Using innovative instructions to create trustworthy software solutions}},
booktitle = {Proceedings of the 2nd International Workshop on Hardware and Architectural Support for Security and Privacy, HASP},
year = {2013},
month = jun
}

@book{Futral:2013vb,
author = {Futral, William and Greene, James},
title = {{Intel Trusted Execution Technology for Server Platforms: A Guide to More Secure Datacenters, 1st edition}},
publisher = {ApressOpen},
year = {2013},
month = sep
}

@article{Clark:2005ud,
author = {Clark, C and Fraser, K and Hand, S and Hansen, J G and Jul, E and Limpach, C and Pratt, I and Warfield, A},
title = {{Live migration of virtual machines}},
year = {2005},
pages = {273--286}
}

@inproceedings{Berger:2006tl,
author = {Berger, Stefan and C{\'a}ceres, Ram{\'o}n and Goldman, Kenneth A and Perez, Ronald and Sailer, Reiner and van Doorn, Leendert},
title = {{vTPM: virtualizing the trusted platform module}},
booktitle = {USENIX-SS'06: Proceedings of the 15th conference on USENIX Security Symposium},
year = {2006},
publisher = { USENIX Association},
month = jul
}

@article{Anonymous:2013wa,
title = {{Software Guard Extensions Programming Reference}},
year = {2013},
pages = {1--156},
month = sep
}

@inproceedings{Coker:2008vl,
author = {Coker, George and Guttman, Joshua and Loscocco, Peter and Sheehy, Justin and Sniffen, Brian},
title = {{Attestation: Evidence and Trust}},
booktitle = {ICICS '08: Proceedings of the 10th International Conference on Information and Communications Security},
year = {2008},
publisher = { Springer-Verlag},
month = oct
}

@article{Anonymous:NkJNm0O-,
author = {Chen, Benjie and Morris, Robert},
title = {{Certifying Program Execution with Secure Processors}},
journal = {HOTOS'03: Proceedings of the 9th conference on Hot Topics in Operating Systems},
year = {2011},
volume = {9 , Volume 9},
pages = {1--6},
month = dec
}

@article{Duc:2006tl,
author = {Duc, G. and Keryell, R.},
title = {{CryptoPage: an efficient secure architecture with memory encryption, integrity and information leakage protection}},
journal = {Computer Security Applications Conference, 2006. ACSAC'06. 22nd Annual},
year = {2006},
pages = {483--492}
}

@article{Shinagawa:2009uk,
author = {Shinagawa, Takahiro and Eiraku, Hideki and Tanimoto, Kouichi and Omote, Kazumasa and Hasegawa, Shoichi and Horie, Takashi and Hirano, Manabu and Kourai, Kenichi and Oyama, Yoshihiro and Kawai, Eiji},
title = {{Bitvisor: a thin hypervisor for enforcing i/o device security}},
year = {2009},
pages = {121--130}
}

@article{Srinivasan:vf,
author = {Srinivasan, R. and Dewan, P. and Dasgupta, P. and Sahita, R. and Savagaonkar, U. and Durham, D.},
title = {{MIvmm: A micro VMM for development of a trusted code base}},
journal = {Tech Report}
}

@article{Kovah:2012he,
author = {Kovah, X and Kallenberg, C and Weathers, C and Herzog, A and Albin, M and Butterworth, J},
title = {{New Results for Timing-Based Attestation}},
journal = {Security and Privacy (SP), 2012 IEEE Symposium on},
year = {2012},
pages = {239--253}
}

@article{KAMARA:2013vn,
author = {KAMARA, SENY},
title = {{Computing on Encrypted Data}},
year = {2013},
pages = {1--26},
month = mar
}

@article{Carbin:2012um,
author = {Carbin, Paul},
title = {{Intel{\textregistered} Identity Protection Technology with PKI}},
year = {2012},
pages = {1--26},
month = jul
}

@article{Li:2011uo,
author = {Li, Yanlin and McCune, Jonathan M and Perrig, Adrian},
title = {{VIPER: verifying the integrity of PERipherals' firmware}},
year = {2011},
pages = {3--16}
}

@article{Ristenpart:2009vs,
author = {Ristenpart, Thomas and Tromer, Eran and Shacham, Hovav and Savage, Stefan},
title = {{Hey, you, get off of my cloud: exploring information leakage in third-party compute clouds}},
year = {2009},
pages = {199--212}
}

@article{Tromer:2010ux,
author = {Tromer, E. and Osvik, D.A. and Shamir, A.},
title = {{Efficient cache attacks on AES, and countermeasures}},
journal = {Journal of Cryptology},
year = {2010},
volume = {23},
number = {1},
pages = {37--71}
}



@article{Harrison:2007ta,
author = {Harrison, Keith and Xu, Shouhuai},
title = {{Protecting cryptographic keys from memory disclosure attacks}},
journal = {Dependable Systems and Networks, 2007. DSN'07. 37th Annual IEEE/IFIP International Conference on},
year = {2007},
pages = {137--143}
}

@article{Rogers:2005ts,
author = {Rogers, B. and Solihin, Y. and Prvulovic, M.},
title = {{Memory predecryption: hiding the latency overhead of memory encryption}},
journal = {ACM SIGARCH Computer Architecture News},
year = {2005},
volume = {33},
number = {1},
pages = {27--33}
}

@article{Speight:2002wz,
author = {Speight, E. and Burtscher, M.},
title = {{Delphi: Prediction-based page prefetching to improve the performance of shared virtual memory systems}},
journal = {Proceedings of the International Conference on Parallel and Distributed Processing Techniques and Applications},
year = {2002},
volume = {1},
pages = {49--55}
}

@article{MacKenzie:2003jw,
author = {MacKenzie, Philip and Reiter, Michael K},
title = {{Networked cryptographic devices resilient to capture}},
journal = {International Journal of Information Security},
year = {2003},
volume = {2},
number = {1},
pages = {1--20},
month = nov
}

@inproceedings{Halderman:2008tp,
author = {Halderman, J Alex and Schoen, Seth D and Heninger, Nadia and Clarkson, William and Paul, William and Calandrino, Joseph A and Feldman, Ariel J and Appelbaum, Jacob and Felten, Edward W},
title = {{Lest we remember: cold boot attacks on encryption keys}},
booktitle = {SS'08: Proceedings of the 17th conference on Security symposium},
year = {2008},
publisher = { USENIX Association},
month = jul
}

@inproceedings{Pabel:2010vq,
author = {Pabel, J{\"u}rgen},
title = {{FrozenCache Mitigating cold-boot attacks for Full-Disk-Encryption software}},
booktitle = {27th Chaos Communication Congress},
year = {2010}
}

@article{Elbaz:2006tb,
author = {Elbaz, R. and Torres, L. and Sassatelli, G. and Guillemin, P. and Bardouillet, M. and Martinez, A.},
title = {{A parallelized way to provide data encryption and integrity checking on a processor-memory bus}},
journal = {Proceedings of the 43rd annual Design Automation Conference},
year = {2006},
pages = {506--509}
}

@article{Dworkin:2010ui,
author = {Dworkin, M.},
title = {{Recommendation for Block Cipher Modes of Operation: The XTS-AES Mode for Confidentiality on Storage Devices}},
journal = {NIST Special Publication},
year = {2010}
}

@inproceedings{Muller:2011wy,
author = {M{\"u}ller, Tilo and Freiling, Felix C and Dewald, Andreas},
title = {{TRESOR runs encryption securely outside RAM}},
booktitle = {SEC'11: Proceedings of the 20th USENIX Conference on Security},
year = {2011},
publisher = {USENIX Association},
month = aug
}

@article{Bartels:1999tg,
author = {Bartels, G. and Karlin, A. and Anderson, D. and Chase, J. and Levy, H. and Voelker, G.},
title = {{Potentials and limitations of fault-based markov prefetching for virtual memory pages}},
journal = {ACM SIGMETRICS Performance Evaluation Review},
year = {1999},
volume = {27},
number = {1},
pages = {206--207}
}

@article{Su:2008vs,
author = {Su, Disheng},
title = {{Maintaining cache coherency}},
journal = {Intel Presentation},
year = {2008},
pages = {1--19},
month = jun
}

@article{Azab:2010vc,
author = {Azab, A.M. and Ning, P. and Wang, Z. and Jiang, X. and Zhang, X. and Skalsky, N.C.},
title = {{HyperSentry: enabling stealthy in-context measurement of hypervisor integrity}},
journal = {{ACM Computer and Communications Security}},
year = {2010},
pages = {38--49}
}

@article{Hicks:2010vt,
author = {Hicks, M. and Finnicum, M. and King, S.T. and Martin, M.M.K. and Smith, J.M.},
title = {{Overcoming an untrusted computing base: Detecting and removing malicious hardware automatically}},
journal = {Security and Privacy (SP), 2010 IEEE Symposium on},
year = {2010},
pages = {159--172}
}

@article{Wojtczuk:2009wi,
author = {Wojtczuk, R. and Rutkowska, J.},
title = {{Attacking SMM memory via Intel CPU cache poisoning}},
journal = {Invisible Things Lab},
year = {2009}
}

@booklet{Nallusamy:2005tp,
title = {{A Framework for Using Processor Cache as RAM}},
author = {Nallusamy, E},
year = {2005}
}

@article{Duflot:2010ui,
author = {Duflot, L. and Perez, Y.A. and Valadon, G. and Levillain, O.},
title = {{Can you still trust your network card}},
journal = {CanSecWest/core10},
year = {2010},
pages = {24--26}
}

@article{Datta:2009vu,
author = {Datta, A. and Franklin, J. and Garg, D. and Kaynar, D.},
title = {{A logic of secure systems and its application to trusted computing}},
journal = {Security and Privacy, 2009 30th IEEE Symposium on},
year = {2009},
pages = {221--236}
}

@article{Chhabra:2009dq,
author = {Chhabra, Siddhartha and Rogers, Brian and Solihin, Yan and Prvulovic, Milos},
title = {{Making secure processors OS- and performance-friendly}},
journal = {ACM Transactions on Architecture and Code Optimization},
year = {2009},
volume = {5},
number = {4},
pages = {1--35},
month = mar
}

@article{Yan:2006wc,
author = {Englender, Daniel and Prvulovic, Milos and Rogers, Brian and Solihin, Yan},
title = {{Improving cost, performance, and security of memory encryption and authentication}},
journal = {ACM SIGARCH Computer Architecture News},
year = {2006},
volume = {34},
number = {2},
pages = {179--190}
}

@article{Lee:2005uc,
author = {Lee, Ruby and Kwan, Peter CS and McGregor, John P and Dwoskin, Jeffrey and Wang, Zhenghong},
title = {{Architecture for protecting critical secrets in microprocessors}},
journal = {Computer Architecture, 2005. ISCA'05. Proceedings. 32nd International Symposium on},
year = {2005},
pages = {2--13}
}

@article{Witherden:2010forensics,
author = {Witherden, Freddie},
title = {{Memory Forensics over the IEEE 1394 Interface}},
journal = {Tech Report},
year = {2010},
month = sep
}

@article{Chan:2008tx,
author = {Chan, E.M. and Carlyle, J.C. and David, F.M. and Farivar, R. and Campbell, R.H.},
title = {{BootJacker: Compromising computers using forced restarts}},
journal = {{ACM Computer and Communications Security}},
year = {2008},
pages = {555--564}
}

@article{Szefer:2012to,
author = {Szefer, J.},
title = {{Architectural Support for Hypervisor-Secure Virtualization}},
year = {2012}
}

@inproceedings{Vasudevan:2012vs,
author = {Vasudevan, Amit and McCune, Jonathan and Newsome, James and Perrig, Adrian},
title = {{CARMA: A Hardware Tamper-Resistant Isolated Execution Environment on Commodity x86 Platforms}},
booktitle = {{AsiaCCS}},
year = {2012}
}

@article{Zhou:2012ve,
author = {Zhou, Z and Gligor, V D and Newsome, J and McCune, J M},
title = {{Building verifiable trusted path on commodity x86 computers}},
journal = {Security and Privacy (SP), 2012 IEEE Symposium on},
year = {2012},
pages = {616--630}
}

@article{Chen:2008tw,
author = {Chen, X and Dick, R P and Choudhary, A},
title = {{Operating system controlled processor-memory bus encryption}},
journal = {Design, Automation and Test in Europe, 2008. DATE'08},
year = {2008},
pages = {1154--1159}
}

@article{Wojtczuk:2009vb,
author = {Wojtczuk, Rafal and Rutkowska, Joanna},
title = {{Attacking Intel Trusted Execution Technology}},
journal = {Black Hat DC},
year = {2009}
}

@techreport{Wojtczuk:2011wd,
author = {Wojtczuk, R. and Rutkowska, J.},
title = {{Attacking Intel TXT via SINIT code execution hijacking.}},
year = {2011},
institution = {Invisible Things Labs}
}

@article{Triulzi:2008vd,
author = {Triulzi, A.},
title = {{Project Maux Mk. II, I Own the NIC, now I want a shell}},
journal = {The 8th annual PacSec conference},
year = {2008}
}

@article{Szefer:2011tn,
author = {Szefer, J. and Keller, E and Lee, R B and Rexford, J},
title = {{Eliminating the hypervisor attack surface for a more secure cloud}},
journal = {{ACM Computer and Communications Security}},
year = {2011},
pages = {401--412}
}

@article{Landau:2011vx,
author = {Landau, A. and Ben-Yehuda, M. and Gordon, A.},
title = {{SplitX: Split guest/hypervisor execution on multi-core}},
journal = {USENIX Workshop on I/O Virtualization (WIOV)},
year = {2011}
}

@inproceedings{McCune:2010vj,
author = {McCune, Jonathan M and Li, Yanlin and Qu, Ning and Zhou, Zongwei and Datta, Anupam and Gligor, Virgil and Perrig, Adrian},
title = {{TrustVisor: Efficient TCB Reduction and Attestation}},
booktitle = {SP '10: Proceedings of the 2010 IEEE Symposium on Security and Privacy},
year = {2010},
publisher = { IEEE Computer Society},
month = may
}

@article{Wang:2011tw,
author = {Wang, J. and Zhang, F and Sun, K. and Stavrou, A.},
title = {{Firmware-assisted Memory Acquisition and Analysis tools for Digital Forensics}},
journal = {Systematic Approaches to Digital Forensic Engineering (SADFE), 2011 IEEE Sixth International Workshop on},
year = {2011},
pages = {1--5}
}

@article{Szefer:2012tc,
author = {Szefer, J. and Jamkhedkar, P and Chen, Y Y and Lee, R B},
title = {{Physical attack protection with human-secure virtualization in data centers}},
journal = {Dependable Systems and Networks Workshops (DSN-W), 2012 IEEE/IFIP 42nd International Conference on},
year = {2012},
pages = {1--6}
}

@article{Morrison:2006tm,
author = {Morrison, Dean},
title = {{Dynamically Adaptive Prepaging for Effective Virtual Memory Management}},
journal = {Tech Report},
year = {2006},
pages = {1--42},
month = dec
}

@article{Enck:2008ta,
author = {Enck, W. and Butler, K. and Richardson, T. and McDaniel, P. and Smith, A},
title = {{Defending against attacks on main memory persistence}},
journal = {Computer Security Applications Conference, 2008. ACSAC 2008. Annual},
year = {2008},
pages = {65--74}
}

@article{Suh:2001vv,
author = {Suh, G.E. and Peserico, E. and Devadas, S. and Rudolph, L.},
title = {{Job-speculative prefetching: Eliminating page faults from context switches in time-shared systems}},
journal = {MIT CSAIL Computation Structures Group Memo 442},
year = {2001},
number = {442},
month = jun
}

@article{Li:2010un,
author = {Li, Haiwei and Liu, Chen and Chen, Hao and Sun, Jianhua},
title = {{Aegis: A Minimal TCB Code Execution Infrastructure on Legacy Systems}},
year = {2010},
pages = {1--15},
month = apr
}

@misc{Mozak:2011lfsr,
title = {{Patent US7945050 - Suppressing power supply noise using data scrambling in double data rate memory systems}},
author = {Mozak, Christopher P.},
howpublished = {US Patent Office},
year = {2011}
}

@misc{Grand:2007patent,
title = {{Patent US7181560 - Method and apparatus for preserving computer memory}},
author = {Grand, Joe},
howpublished = {US Patent Office},
year = {2007}
}

@article{Carrier:2004hardware,
  title={A hardware-based memory acquisition procedure for digital investigations},
  author={Carrier, Brian D and Grand, Joe},
  journal={Digital Investigation},
  volume={1},
  number={1},
  pages={50--60},
  year={2004},
  publisher={Elsevier}
}

@inproceedings{Nelson:2005wq,
author = {Nelson, M and Lim, B H and Hutchins, G},
title = {{Fast transparent migration for virtual machines}},
booktitle = {Proceedings of the annual {\ldots}},
year = {2005}
}

%%
%% Papers added manually by Carl
%%

@inproceedings{Bugnion-PageColoring,
 author = {Bugnion, Edouard and Anderson, Jennifer M. and Mowry, Todd C. and Rosenblum, Mendel and Lam, Monica S.},
 title = {Compiler-directed Page Coloring for Multiprocessors},
 booktitle = {Proceedings of the Seventh International Conference on Architectural Support for Programming Languages and Operating Systems},
 series = {ASPLOS VII},
 year = {1996},
 isbn = {0-89791-767-7},
 location = {Cambridge, Massachusetts, USA},
 pages = {244--255},
 numpages = {12},
 url = {http://doi.acm.org/10.1145/237090.237195},
 doi = {10.1145/237090.237195},
 acmid = {237195},
 publisher = {ACM},
 address = {New York, NY, USA},
}

@inproceedings{Zhang-PageColoring,
 author = {Zhang, Xiao and Dwarkadas, Sandhya and Shen, Kai},
 title = {Towards Practical Page Coloring-based Multicore Cache Management},
 booktitle = {Proceedings of the 4th ACM European Conference on Computer Systems},
 series = {EuroSys '09},
 year = {2009},
 isbn = {978-1-60558-482-9},
 location = {Nuremberg, Germany},
 pages = {89--102},
 numpages = {14},
 url = {http://doi.acm.org/10.1145/1519065.1519076},
 doi = {10.1145/1519065.1519076},
 acmid = {1519076},
 publisher = {ACM},
 address = {New York, NY, USA},
 keywords = {cache partitioning, multi-core, page coloring, resource management},
}

@inproceedings{Waldspurger-ESX,
 author = {Waldspurger, Carl A.},
 title = {Memory Resource Management in {VMware} {ESX} Server},
 booktitle = {Proceedings of the Fifth Symposium on Operating Systems Design and Implementation},
 series = {OSDI '02},
 year = {2002},
 isbn = {978-1-4503-0111-4},
 location = {Boston, Massachusetts},
 pages = {181--194},
 numpages = {14},
 url = {http://doi.acm.org/10.1145/1060289.1060307},
 doi = {10.1145/1060289.1060307},
 acmid = {1060307},
 publisher = {ACM},
 address = {New York, NY, USA},
}

@manual{Intel-SGX:2013,
  organization = {Intel Corporation},
  keywords = {Architectures Manual},
  title = {Software Guard Extensions Programming Reference},
  month = {September},
  year = 2013,
  note = {Order number 329298-001{US}}
}

@manual{Intel-SDM,
  organization = {Intel Corporation},
  keywords = {Architectures Manual},
  title = {Intel 64 and IA-32 Architectures Software Developer's Manual},
  month = {June},
  year = 2013,
  note = {Order number 325462-047{US}}
}


@manual{Intel-IOMMU:2013,
  organization = {Intel Corporation},
  title = {{Intel Virtualization Technology for Directed I/O}},
  month = {September},
  year = {2013},
  note = {Order number D51397-006}
}

@inproceedings{Skochinsky:2014,
author = {Skochinsky, Igor},
title = {{Intel ME Secrets}},
booktitle = {Code Blue},
year = {2014}
}

@inproceedings{Dornseif:2004vc,
author = {Dornseif, Maximillian},
title = {{0wned by an iPod}},
booktitle = {PacSec},
year = {2004}
}

@inproceedings{Delugre:2010vo,
author = {Delugr{\'e}, Guillaume},
title = {{Closer to metal: reverse-engineering the Broadcom NetExtreme's firmware}},
booktitle = {Hack. lu},
year = {2010},
pages = {27--29}
}

@inproceedings{Gazet:2011tu,
author = {Gazet, Alexandre},
title = {{Sticky fingers {\&} KBC Custom Shop}},
booktitle = {RECON},
year = {2011},
pages = {180--193},
month = jun
}

@inproceedings{Kaczmarek:2013vi,
author = {Kaczmarek, S{\'e}bastien},
title = {{UEFI and Dreamboot}},
booktitle = {Hack in the Box},
year = {2013},
month = jun
}

@inproceedings{e:2011vx,
author = {e, Guillaume Delugr},
title = {{Reverse engineering a Qualcomm baseband}},
booktitle = {28C3},
year = {2011},
pages = {1--41},
month = dec
}

@inproceedings{Duflot:2009tl,
author = {Duflot, Lo{\"\i}c and Levillain, Olivier and Morin, Benjamin},
title = {{ACPI: Design Principles and Concerns}},
booktitle = {Trust '09: Proceedings of the 2nd International Conference on Trusted Computing},
year = {2009},
publisher = { Springer-Verlag},
month = feb
}

@inproceedings{Embleton:2008cd,
author = {Embleton, Shawn and Sparks, Sherri and Zou, Cliff},
title = {{SMM rootkits: a new breed of OS independent malware}},
booktitle = {SecureComm '08: Proceedings of the 4th international conference on Security and privacy in communication netowrks},
year = {2008},
publisher = { ACM},
month = sep
}

@inproceedings{Miller:2011to,
author = {Miller, Charlie},
title = {{Battery firmware hacking}},
booktitle = {Black Hat USA},
year = {2011},
pages = {3--4}
}

@inproceedings{Heasman:2006wg,
author = {Heasman, John},
title = {{Implementing and detecting a PCI rootkit}},
booktitle = {Black Hat DC},
year = {2006},
pages = {3}
}

@inproceedings{Heasman:2006ta,
author = {Heasman, John},
title = {{Implementing and Detecting an ACPI BIOS Rootkit}},
booktitle = {Black Hat Federal},
year = {2006}
}

@inproceedings{Soeder:2005vh,
author = {Soeder, Derek and Permeh, Ryan},
title = {{eEye BootRoot}},
booktitle = {BlackHat USA},
year = {2005}
}

@inproceedings{Rutkowska:2006wy,
author = {Rutkowska, Joanna},
title = {{Subverting VistaTM kernel for fun and profit}},
booktitle = {Black Hat Briefings},
year = {2006}
}

@inproceedings{Heasman:2007tv,
author = {Heasman, John},
title = {{Hacking the Extensible Firmware Interface}},
booktitle = {BlackHat USA},
year = {2007},
pages = {1--41},
month = aug
}

@inproceedings{Chen:2009we,
author = {Chen, K},
title = {{Reversing and exploiting an Apple firmware update}},
booktitle = {Black Hat USA},
year = {2009}
}

@inproceedings{Kleissner:2009wc,
author = {Kleissner, Peter},
title = {{Stoned bootkit}},
booktitle = {Black Hat USA},
year = {2009}
}

@inproceedings{Ortega:2009uc,
author = {Ortega, Alfredo and Sacco, Anibal},
title = {{Deactivate the Rootkit: Attacks on BIOS anti-theft technologies}},
booktitle = {Black Hat USA},
year = {2009},
publisher = {BlackHat USA}
}

@inproceedings{Blanco:2012te,
author = {Blanco, Andr{\'e}s and Eissler, Matias},
title = {{One firmware to monitor'em all.}},
booktitle = {Ekoparty},
year = {2012}
}

@inproceedings{Skochinsky:2012ty,
author = {Skochinsky, Igor},
title = {{Rootkit in your laptop:}},
booktitle = {Breakpoint },
year = {2012},
pages = {1--51},
month = oct
}

@inproceedings{Duflot:2006vp,
author = {Duflot, Lo{\"\i}c and Etiemble, Daniel and Grumelard, Olivier},
title = {{Using CPU system management mode to circumvent operating system security functions}},
booktitle = {CanSecWest},
year = {2006}
}

@inproceedings{Duflot:2009wu,
author = {Duflot, Lo{\"\i}c and Levillain, Olivier and Morin, Benjamin and Grumelard, Olivier},
title = {{Getting into the SMRAM: SMM reloaded}},
booktitle = {CanSecWest},
year = {2009}
}

@inproceedings{Sacco:2009vq,
author = {Sacco, Anibal L and Ortega, Alfredo A},
title = {{Persistent BIOS infection}},
booktitle = {CanSecWest},
year = {2009}
}

@techreport{Kallenberg:wv,
author = {Kallenberg, C and Butterworth, J and Cornwell, S and Kovah, X},
title = {{Defeating Signed BIOS Enforcement}}
}

@inproceedings{Loukas:2012wc,
author = {Loukas, K},
title = {{De Mysteriis Dom Jobsivs--Mac EFI Rootkits}},
booktitle = {Black Hat USA},
year = {2012}
}

@inproceedings{Luksenberg:2012uf,
author = {Luksenberg, Andres Lopez and Economou, Nicolas A},
title = {{Deep Boot}},
booktitle = {CanSecWest},
year = {2012},
pages = {1--54},
month = mar
}

@inproceedings{Brossard:2008wt,
author = {Brossard, Jonathan},
title = {{Bypassing pre-boot authentication passwords}},
booktitle = {Defcon 16},
year = {2008}
}

@inproceedings{Duflot:2011tu,
author = {Duflot, Lo{\"\i}c and Perez, Yves-Alexis and Morin, Benjamin},
title = {{Run-time firmware integrity verification: what if you can't trust your network card}},
booktitle = {CanSecWest},
year = {2011},
pages = {9--11}
}

@inproceedings{Bulygin:2013wp,
author = {Bulygin, Yuriy},
title = {{Evil Maid Just Got Angrier}},
booktitle = {CanSecWest},
year = {2013},
month = mar
}

@inproceedings{Rutkowska:2007wq,
author = {Rutkowska, Joanna and Tereshkin, Alexander},
title = {{IsGameOver () anyone}},
booktitle = {Black Hat USA},
year = {2007}
}

@inproceedings{Duflot:2007ux,
author = {Duflot, Lo{\"\i}c and Absil, Laurent},
title = {{Programmed I/O accesses: a threat to virtual Machine Monitors}},
booktitle = {PacSec},
year = {2007}
}

@inproceedings{Wojtczuk:2008vg,
author = {Wojtczuk, Rafal},
title = {{Subverting the Xen hypervisor}},
booktitle = {Black Hat USA},
year = {2008},
publisher = {Citeseer}
}

@inproceedings{Rutkowska:2008vk,
author = {Rutkowska, Joanna and Wojtczuk, Rafa{\l}},
title = {{Preventing and detecting Xen hypervisor subversions}},
booktitle = {Blackhat Briefings USA},
year = {2008}
}

@inproceedings{Rutkowska:2008wo,
author = {Rutkowska, Joanna and Tereshkin, Alexander},
title = {{Bluepilling the xen hypervisor}},
booktitle = {Black Hat USA},
year = {2008}
}

@inproceedings{Chifflier:2013ux,
author = {Chifflier, P},
title = {{UEFI and PCI bootkits}},
booktitle = {PacSec},
year = {2013},
month = jun
}

@inproceedings{Weinmann:2013vc,
author = {Weinmann, Ralf-Philipp},
title = {{Baseband exploitation in 2013: Hexagon challenges}},
booktitle = {PacSec},
year = {2013},
pages = {1--21},
month = nov
}

@inproceedings{Bing:2007wn,
author = {Bing, Sun},
title = {{BIOS Boot Hijacking and VMware Vulnerabilities Digging}},
booktitle = {POC},
year = {2007},
pages = {1--26},
month = nov
}

@inproceedings{Bulygin:2013ue,
author = {Bulygin, Yuriy and Furtak, Andrew and Bazhaniuk, Oleksandr},
title = {{A Tale of One Software Bypass of Windows 8 Secure Boot}},
booktitle = {Black Hat USA},
year = {2013}
}

@inproceedings{Butterworth:2013ul,
author = {Butterworth, John and Kallenberg, Corey and Kovah, Xeno and Herzog, Amy},
title = {{BIOS chronomancy: Fixing the core root of trust for measurement}},
booktitle = {{ACM Computer and Communications Security}},
year = {2013},
pages = {25--36},
publisher = {MITRE}
}

@techreport{Kovah:2014,
author = {Kovah, Xeno and Butterworth, John and Kallenberg, Corey and Cornwell, Sam},
title = {{Copernicus 2: SENTER the Dragon}},
year = {2014},
institution = {MITRE}
}


@inproceedings{Sevinsky:2013wy,
author = {Sevinsky, Russ},
title = {{Funderbolt: Adventures in Thunderbolt DMA Attacks}},
booktitle = {Black Hat USA},
year = {2013},
month = aug
}

@inproceedings{Zaddach:2013vh,
author = {Zaddach, Jonas and Costin, Andrei},
title = {{Embedded devices security and firmware reverse engineering}},
booktitle = {Black Hat USA Workshop},
year = {2013},
month = jun
}

@inproceedings{Weinma:2010vx,
author = {Weinma, Ralf-Philipp},
title = {{All Your Baseband Are Belong To Us}},
booktitle = {Deepsec},
year = {2010},
pages = {1--45},
month = oct
}

@inproceedings{Weinmann:2012vu,
author = {Weinmann, Ralf-Philipp},
title = {{Baseband Attacks: Remote Exploitation of Memory Corruptions in Cellular Protocol Stacks.}},
booktitle = {WOOT},
year = {2012},
pages = {12--21}
}

@article{Applebaum:2013,
author = {Appelbaum, Jacob and Horchert, Judith and St\"{o}cker, Christian},
title = {{Shopping for Spy Gear: Catalog Advertises NSA Toolbox}},
journal = {Der Spiegel},
month = {December},
year = {2013}
}

@inproceedings{Fitzpatrick:2014,
author = {Fitzpatrick, Joe},
title = {{NSA Playset: PCIe}},
booktitle = {Defcon 22},
year = {2014},
month = {August}
}

@inproceedings{Ionescu:2013,
author = {Ionescu, Alex},
title = {{Apple SMC, The place to be definitely! (For an implant)}},
booktitle = {Recon},
year = {2013}
}

@inproceedings{Loucaides:2014,
author = {Loucaides, John and Bulygin, Yuriy},
title = {{Platform Firmware Security Assessment with CHIPSEC}},
booktitle = {CanSecWest},
year = {2014}
}

@inbook{Futral:2013,
author = {William Futral and James Greene},
title = {{Intel Trusted Execution Technology for Server Platforms: A Guide to More Secure Datacenters}},
publisher = {ApressOpen},
year = {2013}
}

@article{tcg:2007,
  title={{TCG Specification Architecture Overview}},
  author={Trusted Computing Group},
  journal={TCG Specification Revision},
  volume={1},
  year={2007}
}

@article{Tereshkin:2009us,
author = {Tereshkin, Alexander and Wojtczuk, Rafal},
title = {{Introducing ring-3 rootkits}},
journal = {Black Hat USA},
year = {2009}
}

@article{Tarnovsky:2010uf,
author = {Tarnovsky, Christopher},
title = {{Deconstructing a `secure'processor}},
journal = {Black Hat DC},
year = {2010},
volume = {2010}
}

@inproceedings{Brickell:2004,
  title={Direct anonymous attestation},
  author={Brickell, Ernie and Camenisch, Jan and Chen, Liqun},
	booktitle = {{ACM Computer and Communications Security}},
  pages={132--145},
  year={2004},
  organization={ACM}
}

@article{alves2004trustzone,
  title={{TrustZone: Integrated hardware and software security}},
  author={Alves, Tiago and Felton, Don},
  journal={ARM White Paper},
  volume={3},
  number={4},
  year={2004}
}

@inproceedings{Jakobsson:2011,
  title={{Practical and secure software-based attestation}},
  author={Jakobsson, Markus and Johansson, K-A},
  booktitle={Lightweight Security \& Privacy (LightSec)},
  pages={1--9},
  year={2011},
  organization={IEEE}
}
